
   <record>
      <leader>00000nz  a2200000nc 4500</leader>
      <controlfield tag="001">institutions/51003180</controlfield>
      <controlfield tag="003">DE-633</controlfield>
      <controlfield tag="005">20250620052249.0</controlfield>
      <controlfield tag="008">190816||||z|||a|||||||||||||||||n||||||d</controlfield>
      <datafield tag="024" ind1="7" ind2=" ">
         <subfield code="a">ARM-Ymla</subfield>
         <subfield code="q">siglum</subfield>
         <subfield code="2">rism</subfield>
      </datafield>
      <datafield tag="034" ind1="1" ind2=" ">
         <subfield code="d">44.514362</subfield>
         <subfield code="f">40.179015</subfield>
      </datafield>
      <datafield tag="040" ind1=" " ind2=" ">
         <subfield code="a">DE-633</subfield>
         <subfield code="c">DE-633</subfield>
         <subfield code="e">rismg</subfield>
      </datafield>
      <datafield tag="043" ind1=" " ind2=" ">
         <subfield code="c">XB-AM</subfield>
      </datafield>
      <datafield tag="110" ind1="1" ind2=" ">
         <subfield code="a">Ełiše Č'arenc'i Anvan Krakanut'yan ew Arvesti T'angaran</subfield>
         <subfield code="c">Yerevan</subfield>
         <subfield code="g">ARM-Ymla</subfield>
      </datafield>
      <datafield tag="368" ind1=" " ind2=" ">
         <subfield code="a">Institution</subfield>
         <subfield code="a">Library</subfield>
         <subfield code="a">Other</subfield>
      </datafield>
      <datafield tag="371" ind1=" " ind2=" ">
         <subfield code="a">Arami 1</subfield>
         <subfield code="b">Yerevan 1</subfield>
         <subfield code="d">Armenia</subfield>
         <subfield code="e">0010</subfield>
         <subfield code="m">gatmuseum@mail.ru</subfield>
         <subfield code="u">https://www.gatmuseum.am/en/</subfield>
         <subfield code="z">tel: +374 / 10 / 520611</subfield>
         <subfield code="z">fax: +374 / 10 / 581651</subfield>
      </datafield>
      <datafield tag="410" ind1=" " ind2=" ">
         <subfield code="a">Yeghishe Charents Museum of Literature and Art</subfield>
      </datafield>
      <datafield tag="551" ind1="1" ind2=" ">
         <subfield code="a">Yerevan</subfield>
         <subfield code="0">places/3902184</subfield>
      </datafield>
   </record>
</collection>
